@ARTICLE{Lamport1986,
   author = {L[eslie] A. Lamport},
   title = {The Gnats and Gnus Document Preparation System},
   journal = {G-Animal's Journal},
   year = 1986,
   volume = 41,
   number = 7,
   pages = "73+",
   month = jul,
}
@electronic{IEEEexample:IEEEwebsite,
  title         = "The {IEEE} Website",
  url           = "http://www.ieee.org/",
  year          = "2015",
  key           = "IEEE"
}


The BibTeX user's guide.
The filename could have been put in the URL instead. But, there might
be other interesting things for the user in the same directory - and
the filename might change before the directory that contains it.
@electronic{IEEEexample:bibtexuser,
  author        = "Oren Patashnik",
  title         = "{{\BibTeX}}ing",
  howpublished  = "{btxdoc.pdf}",
  url           = "http://www.ctan.org/pkg/bibtex",
  month         = nov,
  year          = "2010"
}


A comprehensive BibTeX tutorial.
@electronic{IEEEexample:tamethebeast,
  author        = "Nicolas Markey",
  title         = "Tame the BeaST  ---  The B to X of {{\BibTeX}}",
  url           = "http://www.ctan.org/pkg/tamethebeast",
  month         = oct,
  year          = "2009"
}


The BibTeX Tips and FAQ guide.
@electronic{IEEEexample:bibtexFAQ,
  author        = "David Hoadley and Michael Shell",
  title         = "{{\BibTeX}} Tips and {FAQ}",
  howpublished  = "{btxFAQ.pdf}",
  url           = "http://mirror.ctan.org/biblio/bibtex/contrib/doc/btxFAQ.pdf",
  month         = jan,
  year          = "2007"
}


The TeX FAQ
@electronic{IEEEexample:texfaq,
  author        = "Robin Fairbairns",
  title         = "The {{\TeX}} {FAQ}",
  url           = "http://www.tex.ac.uk/",
  month         = jun,
  year          = "2014"
}



@electronic{IEEEexample:bibtexguide,
  author        = "Ki-Joo Kim",
  title         = "A BibTeX Guide via Examples",
  howpublished  = "{bibtex\_guide.pdf}",
  url           = "http://www.geocities.ws/kijoo2000/",
  month         = nov,
  year          = "2005"
}


TeX User Group Bibliography Archive
@electronic{IEEEexample:beebe_archive,
  author        = "Nelson H. F. Beebe",
  title         = "{{\TeX}} User Group Bibliography Archive",
  url           = "http://www.math.utah.edu/pub/tex/bib/index-table.html",
  month         = dec,
  year          = "2010"
}


@electronic{IEEEexample:natbib,
  author        = "Patrick W. Daly and Arthur Ogawa",
  title         = "The natbib package",
  url           = "http://www.ctan.org/pkg/natbib",
  month         = sep,
  year          = "2010"
}


@electronic{IEEEexample:urlsty,
  author        = "Donald Arseneau",
  title         = "The url package",
  url           = "http://www.ctan.org/pkg/url",
  month         = dec,
  year          = "2013"
}

